<?xml version="1.0" encoding="UTF-8"?><collection xmlns="http://www.loc.gov/MARC21/slim"><record><leader>00318nam--2200133-i-4500</leader><controlfield tag="001">000002933</controlfield><controlfield tag="002">20161230</controlfield><controlfield tag="005">20161230201025</controlfield><controlfield tag="008">060222s1000------------r-----000-0-eng-d</controlfield><datafield ind1=" " ind2=" " tag="080"><subfield code="a">669</subfield></datafield><datafield ind1=" " ind2=" " tag="100"><subfield code="a">Cooper, G.L</subfield></datafield><datafield ind1=" " ind2=" " tag="245"><subfield code="a">Bibliography on the brazing of mild steel</subfield></datafield><datafield ind1=" " ind2=" " tag="260"><subfield code="a">Harwell, Berks, 1966 4 P</subfield></datafield><datafield ind1=" " ind2=" " tag="852"><subfield code="a">11242</subfield></datafield></record></collection>